@article{ict:romeo,
	author = {Romeo, G. Lloyd M. Downes T.},
	journal = {Australasian Journal of Educational Technology},
	title = {{Teaching Teachers for the Future: Building the ICT in education capacity of the next generation of teachers in Australia.}},
	url = {http://ascilite.org.au/ajet/ajet28/romeo.pdf},
	year = {2012}
}


